<?xml version="1.0" encoding="UTF-8"?><collection xmlns="http://www.loc.gov/MARC21/slim"><record><leader>00473nam--2200169-i-4500</leader><controlfield tag="001">000038053</controlfield><controlfield tag="002">20161230</controlfield><controlfield tag="005">20161230201041</controlfield><controlfield tag="008">060222s1000------------r-----000-0-eng-d</controlfield><datafield ind1=" " ind2=" " tag="040"><subfield code="a">IFIN-HH</subfield></datafield><datafield ind1=" " ind2=" " tag="080"><subfield code="a">533.661.9:621.375.826</subfield></datafield><datafield ind1="1" ind2=" " tag="100"><subfield code="a">Setser, D.W</subfield></datafield><datafield ind1="1" ind2="0" tag="245"><subfield code="a">Reactive intermediates in the gas phase</subfield><subfield code="b">Generation and monitoring</subfield><subfield code="c">S.w. setser</subfield></datafield><datafield ind1=" " ind2=" " tag="260"><subfield code="a">New York, Academic Press, 1979</subfield></datafield><datafield ind1=" " ind2=" " tag="300"><subfield code="a">X+338 P</subfield></datafield><datafield ind1=" " ind2=" " tag="852"><subfield code="a">47975</subfield><subfield code="c">533.6</subfield></datafield><datafield ind1=" " ind2=" " tag="CAT"><subfield code="a">Sys</subfield><subfield code="c">20100907</subfield><subfield code="h">121131</subfield></datafield></record></collection>